@misc{qnx2025,
  author = {QNX Software Systems},
  year = {2025},
  title = {QNX Neutrino RTOS},
  url = {https://www.qnx.com/products/neutrino-rtos/},
  note = {Accessed: 2025-04-11}
}
@misc{qnx_m,
  author = {QNX Software Systems},
  year = {2024},
  title = {QNX Momentics IDE},
  url = {https://www.qnx.com/products/momentics/},
  note = {Accessed: 2025-04-11}
}
@misc{ProcessThreadManagement2024,
  author = {QNX Software Systems},
  title = {Process and Thread Management},
  year = {2024},
  url = {https://qdn.qnx.com/developers/docs/7.1/index.html#com.qnx.doc.neutrino.getting_started/topic/s1_procs_Fundamentals.html},
  note = {Accessed: 2025-04-11}
}
@misc{WhatsRTOS2024,
  author = {QNX Software Systems},
  title = {What is an RTOS?},
  year = {2024},
  url = {https://blackberry.qnx.com/en/ultimate-guides/what-is-real-time-operating-system},
  note = {Accessed: 2025-04-11}
}
@misc{POSIX,
  author = {IEEE},
  title = {POSIX.1-2017},
  year = {1988},
  url = {https://posix.opengroup.org/}
}
